@article{Corsi2009,
    author = {Corsi, Fulvio},
    title = {A Simple Long Memory Model of Realized Volatility},
    journal = {Journal of Financial Econometrics},
    year = {2009},
    volume = {7},
    number = {2},
    pages = {174-196},
}

@article{Engle2002,
    author = {Engle, Robert},
    title = {Dynamic conditional correlation: A simple class of multivariate generalized autoregressive conditional heteroskedasticity models},
    journal = {Journal of Business and Economic Statistics},
    year = {2002},
    volume = {20},
    number = {3},
    pages = {339-350},
}

@article{Muller1997,
    author = {Muller,U. and Dacarogna,M. and Dav,R. and Olsen,R. and Pictet,O. and von Weizsacker,J.},
    title = {Volatilities of different time resolutions - analysing the dynamics of market components},
    journal = {Journal of Empirical Finance},
    year = {1997},
    volume = {4},
    pages = {213-239},
}

@article{Chiriac2011,
    author = {Chiriac,R. and Voev,V.},
    title = {Modelling and forecasting multivariate realized volatility},
    journal = {Journal of Applied Econometrics},
    year = {2011},
    volume = {26},
    number = {6},
    pages = {922-947},
}

@article{OhPatton2016,
    author = {Oh,D.H. and Patton,A.J.},
    title = {High-dimensional copula-based distributions with mixed frequency data},
    journal = {Journal of Econometrics},
    year = {2016},
    volume = {193},
    number = {2},
    pages = {349-366},
}

@article{Bollerslev2018,
    author = {Bollerslev,T. and Patton,A.J. and Quaedvlieg,R.},
    title = {Modeling and forecasting (un) reliable realized covariances for more reliable financial decisions},
    journal = {Journal of Econometrics},
    year = {2018},
    volume = {207},
    number = {1},
    pages = {71-91},
}

@article{Symitsi2018,
    author = {Symitsi,E. and Symeonidis,L. and Kourtis,A. and Markellos,R. },
    title = {Covariance Forecasting in Equity Markets},
    journal = {Journal of Banking and Finance},
    year = {2018},
    volume = {96},
    pages = {153-168},
}

@article{Bollerslev1998,
    author = {Andersen,T.G. and Bollerslev,T.},
    title = {Answering the Skeptics: Yes, Standard Volatility Models do Provide Accurate Forecasts},
    journal = {International Economic Review},
    year = {1998},
    volume = {39},
    number = {4},
    pages = {885-905},
}

@article{Engle2006,
    author = {Engle,R.F. and Gallo,G.M.},
    title = {A multiple indicators model for volatility using intra-daily data},
    journal = {Journal of Econometrics},
    volume = {131},
    number = {1},
    pages = {3-27},
    year = {2006},
}

@article{Parkinson1980,
    author = {Parkinson,M. },
    title = {The extreme value method for estimating the variance of the rate of return},
    journal = {Journal of Business},
    year = {1980},
    volume = {53},
    pages = {61-65},
}

@article{Garman1980,
    author = {Garman,M.B. and Klass,M.J.},
    title = {On the estimation of security price volatilities from historical data},
    journal = {Journal of Business},
    year = {1980},
    volume = {53},
    pages = {67-78},
}

@article{Rogers1991,
    author = {Rogers,L.C.G. and Satchell,S.E.},
    title = {Estimating variance from high, low and closing prices},
    journal = {Annals of Applied Probability},
    year = {1991},
    volume = {1},
    pages = {504-512},
}

@article{Yang2000,
    author = {Yang,D. and Zhang,Q.},
    title = {Drift‚ÄêIndependent Volatility Estimation Based on High, Low, Open, and Close Prices},
    journal = {Journal of Business},
    year = {2000},
    volume = {73},
    number = {3},
    pages = {477-492},
}

@article{Rogers2008,
    author = {Rogers,L.C.G. and Zhou,F.},
    title = {ESTIMATING CORRELATION FROM HIGH, LOW, OPENING AND CLOSING PRICES},
    journal = {Annals of Applied Probability},
    year = {2008},
    volume = {18},
    number = {2},
    pages = {813-823},
}